<record><leader>00000cas a2200000 a 4500</leader><controlfield tag="001">11423278</controlfield><controlfield tag="008">841127d18uu1921iluwr ne      0   a0eng c</controlfield><datafield ind1=" " ind2=" " tag="010"><subfield code="a">sn 84038657 </subfield></datafield><datafield ind1=" " ind2=" " tag="040"><subfield code="a">NPX</subfield><subfield code="b">eng</subfield><subfield code="c">NPX</subfield><subfield code="d">NVF</subfield><subfield code="d">OCL</subfield><subfield code="d">NVF</subfield><subfield code="d">OCLCF</subfield><subfield code="d">OCLCO</subfield></datafield><datafield ind1="1" ind2=" " tag="029"><subfield code="a">AU@</subfield><subfield code="b">000020233023</subfield></datafield><datafield ind1=" " ind2=" " tag="042"><subfield code="a">pcc</subfield></datafield><datafield ind1=" " ind2=" " tag="043"><subfield code="a">n-us-il</subfield></datafield><datafield ind1="0" ind2="0" tag="245"><subfield code="a">Virden record.</subfield></datafield><datafield ind1=" " ind2=" " tag="260"><subfield code="a">Virden, Ill. :</subfield><subfield code="b">W.F. Thompson,</subfield><subfield code="c">[18--?]-1921.</subfield></datafield><datafield ind1=" " ind2=" " tag="300"><subfield code="a">v.</subfield></datafield><datafield ind1=" " ind2=" " tag="310"><subfield code="a">Weekly</subfield></datafield><datafield ind1="1" ind2=" " tag="362"><subfield code="a">Ceased in Mar. 1921?</subfield></datafield><datafield ind1=" " ind2=" " tag="580"><subfield code="a">Merged with: Virden reporter, to form: Virden recorder.</subfield></datafield><datafield ind1=" " ind2=" " tag="588"><subfield code="a">Description based on: Vol. 8, no. 45 (Aug. 19, 1874).</subfield></datafield><datafield ind1=" " ind2=" " tag="588"><subfield code="a">Latest issue consulted: Dec. 28, 1916.</subfield></datafield><datafield ind1=" " ind2="0" tag="651"><subfield code="a">Virden (Ill.)</subfield><subfield code="v">Newspapers.</subfield></datafield><datafield ind1=" " ind2="7" tag="655"><subfield code="a">Newspapers.</subfield><subfield code="2">fast</subfield><subfield code="0">(OCoLC)fst01423814</subfield></datafield><datafield ind1=" " ind2="7" tag="651"><subfield code="a">Illinois</subfield><subfield code="z">Virden.</subfield><subfield code="2">fast</subfield><subfield code="0">(OCoLC)fst01228474</subfield></datafield><datafield ind1=" " ind2=" " tag="752"><subfield code="a">United States</subfield><subfield code="b">Illinois</subfield><subfield code="c">Macoupin</subfield><subfield code="d">Virden.</subfield></datafield><datafield ind1="1" ind2="7" tag="785"><subfield code="t">Virden reporter</subfield><subfield code="w">(DLC)sn 91054561</subfield><subfield code="w">(OCoLC)23278707</subfield></datafield><datafield ind1="1" ind2="7" tag="785"><subfield code="t">Virden recorder</subfield><subfield code="w">(DLC)sn 91054562</subfield><subfield code="w">(OCoLC)23278743</subfield></datafield></record>